@inproceedings{safety_fpga,
  title={FPGAs in critical hardware/software systems},
  author={Hilton, Adrian J and Townson, Gemma and Hall, Jon G},
  booktitle={Proceedings of the 2003 ACM/SIGDA eleventh international symposium on Field programmable gate arrays},
  pages={244--244},
  year={2003},
  organization={ACM}
}
@online{defstan_0056,
	title={Safety Management Requirements for Defence Systems},
	url={https://segoldmine.ppi-int.com/content/standard-def-stan-00-56-safety-management-requirements-defence-systems},
	year={2007}
}
@article{defstan_0056_2,
  title={Safety-critical systems, formal methods and standards},
  author={Bowen, Jonathan and Stavridou, Victoria},
  journal={Software Engineering Journal},
  volume={8},
  number={4},
  pages={189--209},
  year={1993},
  publisher={IET}
}
@article{iec61508,
  title={Introduction to {IEC} 61508},
  author={Bell, Ron},
  booktitle={Proceedings of the 10th Australian workshop on Safety critical systems and software-Volume 55},
  pages={3--12},
  year={2006},
  organization={Australian Computer Society, Inc.}
}

@manual{scarabhardware,
title={MiniSpartan6+}, 
journal={{Scarab Hardware}},
organization = {Scarab Hardware},
publisher = {Scarab Hardware},
url={https://www.scarabhardware.com/minispartan6/},
year=2014
}
@manual{arty,
    organization = {Digilent, Inc.},
    title={Arty Artix-7 FPGA Development Board}, 
    journal={{Avnet}},
    url={https://uk.rs-online.com/web/p/programmable-logic-development-kits/1346478/},
    year=2015
}
@misc{arndt2002algorithms,
  title={Algorithms For Programmers},
  author={Arndt, J{\"o}rg},
  year = 2002
}
@book{hdl,
title={HDL Programming Fundamentals: VHDL and Verilog},
author={Nazeih Botros},
year={2006},
publisher={Da Vinci Engineering Press}
}

@misc{arm, title={ARM in the World of FPGA-Based Prototyping}, url={https://community.arm.com/processors/b/blog/posts/arm-in-the-world-of-fpga-based-prototyping}, journal={Arm Community},
year={2016}}


@misc{crenshaw1988let,
  title={Let's Build a Compiler!},
  author={Crenshaw, Jack W},
  year={1988}
}

@book{isa_x86,
 author = {Shanley, Tom},
 title = {X86 Instruction Set Architecture},
 year = {2010},
 isbn = {0977087859, 9780977087853},
 publisher = {Mindshare Press},
}


@techreport{elf_standard,
    author = {{ARM Holdings}},
    title = {ELF for the ARM Architecture},
    year = {2015},
}

@techreport{winpe_standard,
    author = {{Microsoft Corporation}},
    title = {PE Format},
    url = {https://msdn.microsoft.com/en-us/library/windows/desktop/ms680547(v=vs.85).aspx},
}

@Book{callconv,
ALTauthor = {Adam Ferrari},
title = {The 64 bit x86 C Calling Convention},
publisher = {University of Virginia},
year = {2017},
OPTkey = {•},
OPTvolume = {•},
OPTnumber = {•},
OPTseries = {•},
OPTaddress = {•},
OPTedition = {•},
OPTmonth = {•},
OPTnote = {•},
OPTannote = {•}
}

@online{parser_prec,
	url={http://wiki.tcl.tk/36951},
}

@manual{spartan2,
    organization  = "Xilinx, Inc.",
    title         = "Spartan-II FPGA Family Data Sheet",
    number        = "DS001",
    year          =  2008,
    month         =  6,
    note          = "v2.8"
}


@article{am386,
  title={AMD's 386 clone ready, but will it sell?},
  journal={ComputerWorld},
  volume={25},
  number={12},
  pages={97},
  year={1991},
  publisher={IDG Enterprise}
}

@manual{microblaze,
	title={MicroBlaze Processor Reference Guide},
	organization={{Xilinx, Inc.}},
	year={2009},
	note = "UG081 (v10.3)"
}

@manual{cortexa9,
	organization = {{ARM Holdings}},
	title = "ARM Cortex-A9",
	year = "2016",
	note = "r4p1",
}
@manual{picoblaze,
	organization = {{Xilinx, Inc.}},
	title = "PicoBlaze 8-bit Embedded Microcontroller User Guide",
	year = 2011,
	month = 6,
	note = "UG129",
}
@inproceedings{merchant2009platform,
  title={Platform independent 8-bit soft-core for sopc},
  author={Merchant, Farhad and Pujari, Shashank and Patil, Manish},
  booktitle={Proceedings of the International MultiConference of Engineers and Computer Scientists},
  volume={2},
  pages={18--20},
  year={2009}
}

@book{kamat2009unleash,
  title={Unleash the System On Chip using FPGAs and Handel C},
  author={Kamat, R.K. and Shinde, S.A. and Shelake, V.G.},
  isbn={9781402093623},
  lccn={2008942203},
  url={https://books.google.co.uk/books?id=74szgruGW3EC},
  year={2009},
  publisher={Springer Netherlands}
}

@manual{spartan6,
	organization = {Xilinx, Inc.},
	title = "Spartan-6 Family Overview",
	year = 2011,
	month = 10,
	note = "DS160 (v2.0)",
}

@misc{8cc,
title={How I wrote a self-hosting C compiler in 40 days}, 
author = {Rui Ueyama},
url={https://www.sigbus.info/how-i-wrote-a-self-hosting-c-compiler-in-40-days.html},
year=2015
}

@misc{8ccgithub,
title={8cc}, 
publisher = {GitHub},
journal = {GitHub repository},
author = {Rui Ueyama},
howpublished = {\url{https://github.com/rui314/8cc}},
year=2015,
commit = {b8a46abdb5f0633bdbff314820daf560cb987377},
}


@misc{llvm,
title={The LLVM Compiler Infrastructure}, 
publisher = {University of Illinois},
author = {LLVM Project},
howpublished = {\url{https://llvm.org/ProjectsWithLLVM/}},
}


@article{ethics,
    title={University of {Plymouth} - {Research} {Ethics} {Policy}},
    publisher = {University of Plymouth},
    organization = {University of Plymouth},
    url = {https://www1.plymouth.ac.uk/research/ourresearch/Documents/Plymouth%20University%20Research%20Ethics%20Policy.pdf},
    year = {2015},
}

@misc{travisci,
title={Travis CI - Test and Deploy Your Code with Confidence}, 
publisher = {Travis CI},
organization = {Travis CI},
author = {Travis CI},
howpublished = {\url{https://travis-ci.org/}},
}
