%% LaTeX2e file `prco304.bib'
%% generated by the `filecontents' environment
%% from source `sc_documentation_1-00' on 2018/02/04.
%%
@online{wikipedia:dft,
  author = {Wikipedia},
  title = {Discrete Fourier transform},
  year = 2018,
  url = {https://en.wikipedia.org/wiki/Discrete\_Fourier\_transform},
  urldate = {2018-01-15}
}
@online{server:gpu,
  author = {Amazon AWS},
  title = {Introducing Amazon EC2 P2 Instances, the largest GPU-Powered virtual machine in the cloud},
  year = 2018,
  url = {https://aws.amazon.com/about-aws/whats-new/2016/09/introducing-amazon-ec2-p2-instances-the-largest-gpu-powered-virtual-machine-in-the-cloud/},
  urldate = {2016-09-26}
}
@misc{scarabhardware,
title={MiniSpartan6+},
journal={{Scarab Hardware}},
url={https://www.scarabhardware.com/minispartan6/},
year=2014
}
@misc{arty,
title={Arty Artix-7 FPGA Development Board},
journal={{Avnet}},
url={https://uk.rs-online.com/web/p/programmable-logic-development-kits/1346478/},
year=2015
}
@misc{arndt2002algorithms,
  title={Algorithms For Programmers},
  author={Arndt, J{\"o}rg},
  year = 2002
}
@book{hdl,
title={HDL Programming Fundamentals: VHDL and Verilog},
author={Nazeih Botros},
year={2006},
publisher={Da Vinci Engineering Press}
}

@misc{arm, title={ARM in the World of FPGA-Based Prototyping}, url={https://community.arm.com/processors/b/blog/posts/arm-in-the-world-of-fpga-based-prototyping}, journal={Arm Community},
year={2016}}

@book{microblaze,
title={MicroBlaze
Processor Reference
Guide},
journal={Xilinx},
year={2017}
}

