%% LaTeX2e file `prco304_h4.bib'
%% generated by the `filecontents' environment
%% from source `Ben_Lancaster_10424877' on 2018/03/22.
%%
@inproceedings{safety_fpga,
  title={FPGAs in critical hardware/software systems},
  author={Hilton, Adrian J and Townson, Gemma and Hall, Jon G},
  booktitle={Proceedings of the 2003 ACM/SIGDA eleventh international symposium on Field programmable gate arrays},
  pages={244--244},
  year={2003},
  organization={ACM}
}
@online{defstan_0056,
 title={Safety Management Requirements for Defence Systems},
 url={https://segoldmine.ppi-int.com/content/standard-def-stan-00-56-safety-management-requirements-defence-systems},
 year={2007}
}
@article{defstan_0056_2,
  title={Safety-critical systems, formal methods and standards},
  author={Bowen, Jonathan and Stavridou, Victoria},
  journal={Software Engineering Journal},
  volume={8},
  number={4},
  pages={189--209},
  year={1993},
  publisher={IET}
}
@article{iec61508,
  title={Introduction to IEC 61508},
  author={Bell, Ron},
  booktitle={Proceedings of the 10th Australian workshop on Safety critical systems and software-Volume 55},
  pages={3--12},
  year={2006},
  organization={Australian Computer Society, Inc.}
}

@misc{scarabhardware,
title={MiniSpartan6+},
journal={{Scarab Hardware}},
url={https://www.scarabhardware.com/minispartan6/},
year=2014
}
@misc{arty,
title={Arty Artix-7 FPGA Development Board},
journal={{Avnet}},
url={https://uk.rs-online.com/web/p/programmable-logic-development-kits/1346478/},
year=2015
}
@misc{arndt2002algorithms,
  title={Algorithms For Programmers},
  author={Arndt, J{\"o}rg},
  year = 2002
}
@book{hdl,
title={HDL Programming Fundamentals: VHDL and Verilog},
author={Nazeih Botros},
year={2006},
publisher={Da Vinci Engineering Press}
}

@misc{arm, title={ARM in the World of FPGA-Based Prototyping}, url={https://community.arm.com/processors/b/blog/posts/arm-in-the-world-of-fpga-based-prototyping}, journal={Arm Community},
year={2016}}

@book{microblaze,
title={MicroBlaze
Processor Reference
Guide},
journal={Xilinx},
year={2017}
}

